<collection xmlns="http://www.loc.gov/MARC21/slim"><record><leader>00797nam0 2200229   450</leader><controlfield tag="001">591</controlfield><controlfield tag="003">http://montalegre.opacnet.com/OPAC/default.aspx?ContentAreaControl=ShowRegHoldings.ascx&amp;RegNo=16662</controlfield><controlfield tag="005">20</controlfield><datafield tag="100" ind1=" " ind2=" "><subfield code="a">20061013d2000----k  y0pory0103    ba</subfield></datafield><datafield tag="101" ind1="0" ind2=" "><subfield code="a">por</subfield></datafield><datafield tag="102" ind1=" " ind2=" "><subfield code="a">PT</subfield></datafield><datafield tag="200" ind1="1" ind2=" "><subfield code="a">Cancioneiro Popular de Barroso</subfield></datafield><datafield tag="210" ind1=" " ind2=" "><subfield code="a">Montalegre</subfield><subfield code="c">Câmara Municipal de Montalegre</subfield><subfield code="d">2000</subfield></datafield><datafield tag="215" ind1=" " ind2=" "><subfield code="a">Vol.I: 128 p.</subfield><subfield code="d">21cm</subfield></datafield><datafield tag="607" ind1=" " ind2=" "><subfield code="a">Barroso</subfield></datafield><datafield tag="675" ind1=" " ind2=" "><subfield code="a">008(469.202)</subfield></datafield><datafield tag="700" ind1=" " ind2="1"><subfield code="a">Baptista</subfield><subfield code="b">José Dias</subfield><subfield code="f">1941-</subfield></datafield><datafield tag="801" ind1=" " ind2="0"><subfield code="a">PT</subfield><subfield code="b">Biblioteca Municipal de Montalegre</subfield><subfield code="g">RPC</subfield></datafield><datafield tag="856" ind1=" " ind2=" "><subfield code="u">locateMedia.asp?cod=20060519102812&amp;ext=jpg</subfield><subfield code="z">CAPA</subfield></datafield><datafield tag="909" ind1="&#9;" ind2=" "><subfield code="a">4</subfield></datafield><datafield tag="966" ind1=" " ind2=" "><subfield code="a">0014961</subfield><subfield code="l">BMM</subfield><subfield code="s">SCG 008(469.202) BAP can vol.I</subfield></datafield><datafield tag="966" ind1=" " ind2=" "><subfield code="a">0016554</subfield><subfield code="l">BMM-PS</subfield><subfield code="s">PS 008(469.202) BAP can</subfield></datafield><datafield tag="966" ind1=" " ind2=" "><subfield code="a">0017864</subfield><subfield code="l">BMM</subfield><subfield code="s">SCG 82-1(469.202) BAP can</subfield></datafield><datafield tag="966" ind1=" " ind2=" "><subfield code="a">0015673</subfield><subfield code="d">I</subfield><subfield code="l">BMM</subfield><subfield code="s">SCG 821.134.3(469.202)-1 BAP can</subfield></datafield></record></collection>